\usepackage{url} 

@article{cao2012sports,
  title={Sports data mining technology used in basketball outcome prediction},
  author={Cao, Chenjie},
  year={2012},
  publisher={Dublin Institute of Technology}
}

@misc{dtarlow2013winner,
  title = {Congratulations to the Machine March Madness Winner (2013)},
  howpublished = {\url{inser url here}},
  note = {Accessed: 2017-02-04}
}

@misc{kagglecompetition,
  title = {Kaggle March Madness},
  howpublished = {\url{https://www.kaggle.com/c/march-machine-learning-mania-2017}},
  note = {Accessed: 2017-02-02}
}

@misc{kaggle2014winner,
  title = {Kaggle March Madness Winners Interview 2016},
  howpublished = {\url{http://blog.kaggle.com/2014/04/21/qa-with-gregory-and-michael-1st-place-in-march-ml-mania/}},
  note = {Accessed: 2017-02-03}
}

@misc{kaggle2015winner,
  title = {Kaggle March Madness Winners Interview 2016},
  howpublished = {\url{http://blog.kaggle.com/2015/04/17/predicting-march-madness-1st-place-finisher-zach-bradshaw/}},
  note = {Accessed: 2017-02-03}
}

@misc{kaggle2016winner,
  title = {Kaggle March Madness Winners Interview 2016},
  howpublished = {\url{http://blog.kaggle.com/2016/05/10/march-machine-learning-mania-2016-winners-interview-1st-place-miguel-alomar/}},
  note = {Accessed: 2017-02-03}
}

@misc{ncaabracketbeat,
  title = {March Madness 2017: Printable NCAA tournament bracket},
  howpublished = {\url{http://www.ncaa.com/news/basketball-men/bracket-beat/march-madness-printable-ncaa-tournament-bracket}},
  note = {Accessed: 2017-02-02}
}

@misc{bracket-visual,
  title = {Github Page},
  howpublished = {\url{https://github.com/Counterfly/predicted_bracket_generator},}
  note = {Accessed: 2017-02-21}
}


@inproceedings{bashuk2012using,
  title={Using cumulative win probabilities to predict NCAA basketball performance},
  author={Bashuk, Mark and Intelligence, Business},
  booktitle={Proc. MIT Sloan Sports Analytics Conf.},
  year={2012}
}

@inproceedings{huang2010neural,
  title={A neural network method for prediction of 2006 world cup football game},
  author={Huang, Kou-Yuan and Chang, Wen-Lung},
  booktitle={Neural Networks (IJCNN), The 2010 International Joint Conference on},
  pages={1--8},
  year={2010},
  organization={IEEE}
}

@inproceedings{mccabe2008artificial,
  title={Artificial intelligence in sports prediction},
  author={McCabe, Alan and Trevathan, Jarrod},
  booktitle={Information Technology: New Generations, 2008. ITNG 2008. Fifth International Conference on},
  pages={1194--1197},
  year={2008},
  organization={IEEE}
}

@article{loeffelholz2009predicting,
  title={Predicting NBA games using neural networks},
  author={Loeffelholz, Bernard and Bednar, Earl and Bauer, Kenneth W and others},
  journal={Journal of Quantitative Analysis in Sports},
  volume={5},
  number={1},
  pages={1--15},
  year={2009},
  publisher={bepress}
}
